<?xml version="1.0" encoding="UTF-8"?><collection xmlns="http://www.loc.gov/MARC21/slim"><record><leader>00800nam--2200217-u-4500</leader><controlfield tag="001">000056722</controlfield><controlfield tag="002">20170125</controlfield><controlfield tag="005">20170125151929</controlfield><controlfield tag="008">170125s1000------------r-----000-0-rum-d</controlfield><datafield ind1=" " ind2=" " tag="040"><subfield code="a">IFIN-HH</subfield></datafield><datafield ind1="0" ind2=" " tag="041"><subfield code="a">rum</subfield></datafield><datafield ind1=" " ind2=" " tag="080"><subfield code="a">621</subfield></datafield><datafield ind1="1" ind2=" " tag="100"><subfield code="a">Harris, Cyril M</subfield></datafield><datafield ind1="1" ind2="0" tag="245"><subfield code="a">Socuri si vibratii,Volumul III Socuri si vibratii la masini,vehicule si constructii</subfield><subfield code="b">Traducere din limba engleza. Coordonarea editiei in limba romana a intregii lucrari Prof. Ing. Gh. Buzdugan</subfield><subfield code="c">Cyril M. Harris, Charles E. Crede (eds.)</subfield></datafield><datafield ind1=" " ind2=" " tag="260"><subfield code="a">Bucuresti</subfield><subfield code="b">Editura Tehnica</subfield><subfield code="c">1969</subfield></datafield><datafield ind1=" " ind2=" " tag="300"><subfield code="a">632p</subfield></datafield><datafield ind1="0" ind2=" " tag="490"><subfield code="a">Socuri si vibratii</subfield></datafield><datafield ind1=" " ind2=" " tag="500"><subfield code="a">Titlul original in limba engleza: Shock and Vibration Handbook in Three Volumes</subfield></datafield><datafield ind1="1" ind2=" " tag="700"><subfield code="a">Crede, E. Charles</subfield><subfield code="e">ed</subfield></datafield><datafield ind1=" " ind2=" " tag="852"><subfield code="a">30452</subfield><subfield code="b">621</subfield></datafield><datafield ind1=" " ind2=" " tag="CAT"><subfield code="a">SYS</subfield><subfield code="c">20170125</subfield><subfield code="h">151929</subfield></datafield></record></collection>